<record><leader>00000cas a22000007a 4500</leader><controlfield tag="001">14269941</controlfield><controlfield tag="008">860926d1863186utxuuu ne      0    0eng d</controlfield><datafield ind1=" " ind2=" " tag="010"><subfield code="a">sn 86089275 </subfield></datafield><datafield ind1=" " ind2=" " tag="040"><subfield code="a">PPM</subfield><subfield code="b">eng</subfield><subfield code="c">PPM</subfield><subfield code="d">OCLCQ</subfield><subfield code="d">YUS</subfield><subfield code="d">OCLCO</subfield><subfield code="d">OCLCF</subfield></datafield><datafield ind1="0" ind2="0" tag="245"><subfield code="a">Flake's bulletin.</subfield></datafield><datafield ind1=" " ind2=" " tag="260"><subfield code="a">Galveston [Tex.] :</subfield><subfield code="b">F. Flake &amp; Co.</subfield></datafield><datafield ind1=" " ind2=" " tag="300"><subfield code="a">v. ;</subfield><subfield code="c">36 cm.</subfield></datafield><datafield ind1="1" ind2=" " tag="362"><subfield code="a">Began in 1863?</subfield></datafield><datafield ind1=" " ind2=" " tag="588"><subfield code="a">Description based on: Jan. 10, 1863 issue.</subfield></datafield><datafield ind1=" " ind2="0" tag="651"><subfield code="a">Galveston (Tex.)</subfield><subfield code="v">Newspapers.</subfield></datafield><datafield ind1=" " ind2="7" tag="655"><subfield code="a">Newspapers.</subfield><subfield code="2">fast</subfield><subfield code="0">(OCoLC)fst01423814</subfield></datafield><datafield ind1=" " ind2="7" tag="651"><subfield code="a">Texas</subfield><subfield code="z">Galveston.</subfield><subfield code="2">fast</subfield><subfield code="0">(OCoLC)fst01212106</subfield></datafield><datafield ind1=" " ind2=" " tag="752"><subfield code="a">United States</subfield><subfield code="b">Texas</subfield><subfield code="c">Galveston</subfield><subfield code="d">Galveston.</subfield></datafield><datafield ind1="0" ind2=" " tag="775"><subfield code="t">Flake's weekly bulletin (Galveston, Tex.)</subfield><subfield code="w">(OCoLC)145203</subfield></datafield><datafield ind1="0" ind2=" " tag="775"><subfield code="t">Flake's tri-weekly bulletin</subfield><subfield code="w">(OCoLC)10333105</subfield></datafield><datafield ind1="0" ind2="0" tag="785"><subfield code="t">Flake's daily bulletin</subfield><subfield code="w">(OCoLC)13239142</subfield></datafield></record>